@book{2011Ddae,
publisher = {John Wiley \& Sons Ltd},
year = {2011},
title = {DAFX; digital audio effects, 2d ed.},
language = {eng},
}

